<?xml version="1.0" encoding="UTF-8"?><record xmlns="http://www.loc.gov/MARC21/slim" xmlns:cinclude="http://apache.org/cocoon/include/1.0" xmlns:zs="http://www.loc.gov/zing/srw/">
  <leader>00456cz  a2200133n  4500</leader>
  <controlfield tag="001">n  88192953 </controlfield>
  <controlfield tag="003">DLC</controlfield>
  <controlfield tag="005">19890422065005.3</controlfield>
  <controlfield tag="008">890314n| acannaab|          |n aaa |||  </controlfield>
  <datafield tag="010" ind1=" " ind2=" ">
    <subfield code="a">n  88192953 </subfield>
  </datafield>
  <datafield tag="040" ind1=" " ind2=" ">
    <subfield code="a">DLC</subfield>
    <subfield code="c">DLC</subfield>
  </datafield>
  <datafield tag="100" ind1="1" ind2="0">
    <subfield code="a">Thompson, Milton D.,</subfield>
    <subfield code="d">1909-1987</subfield>
  </datafield>
  <datafield tag="670" ind1=" " ind2=" ">
    <subfield code="a">His The Illinois State Museum, 1988:</subfield>
    <subfield code="b">t.p. (Milton D. Thompson) p. vii, etc. (1909-1987; dir., Ill. State Museum)</subfield>
  </datafield>
  <datafield tag="670" ind1=" " ind2=" ">
    <subfield code="a">LC data base, 3-13-89</subfield>
    <subfield code="b">(hdg.: Thompson, Milton D., 1909- )</subfield>
  </datafield>
</record>